@article{talaat2023explainable,
  title={Explainable Enhanced Recurrent Neural Network for lie detection using voice stress analysis},
  author={Talaat, Fatma M},
  journal={Multimedia Tools and Applications},
  pages={1--23},
  year={2023},
  publisher={Springer}
}
@article{aslan2023lstmncp,
  title={LSTMNCP: lie detection from EEG signals with novel hybrid deep learning method},
  author={Aslan, Musa and Baykara, Muhammet and Alaku{\c{s}}, Talha Burak},
  journal={Multimedia Tools and Applications},
  pages={1--17},
  year={2023},
  publisher={Springer}
}
@article{sarzynska2023truth,
  title={Truth or lie: Exploring the language of deception},
  author={Sarzynska-Wawer, Justyna and Pawlak, Aleksandra and Szymanowska, Julia and Hanusz, Krzysztof and Wawer, Aleksander},
  journal={Plos one},
  volume={18},
  number={2},
  pages={e0281179},
  year={2023},
  publisher={Public Library of Science San Francisco, CA USA}
}
@inproceedings{mendels2017hybrid,
  title={Hybrid Acoustic-Lexical Deep Learning Approach for Deception Detection.},
  author={Mendels, Gideon and Levitan, Sarah Ita and Lee, Kai-Zhan and Hirschberg, Julia},
  booktitle={Interspeech},
  pages={1472--1476},
  year={2017}
}
@inproceedings{kopev2019detecting,
  title={Detecting deception in political debates using acoustic and textual features},
  author={Kopev, Daniel and Ali, Ahmed and Koychev, Ivan and Nakov, Preslav},
  booktitle={2019 IEEE Automatic Speech Recognition and Understanding Workshop (ASRU)},
  pages={652--659},
  year={2019},
  organization={IEEE}
}

@inproceedings{bareeda2021lie,
  title={Lie Detection using Speech Processing Techniques},
  author={Bareeda, EP Fathima and Mohan, BS Shajee and Muneer, KV Ahammed},
  booktitle={Journal of Physics: Conference Series},
  volume={1921},
  number={1},
  pages={012028},
  year={2021},
  organization={IOP Publishing}
}


@inproceedings{sehrawat2023deception,
  title={Deception Detection using a Multimodal Stacked Bi-LSTM Model},
  author={Sehrawat, Puneet Kumar and Kumar, Rajat and Kumar, Nitish and Vishwakarma, Dinesh Kumar},
  booktitle={2023 International Conference on Innovative Data Communication Technologies and Application (ICIDCA)},
  pages={318--326},
  year={2023},
  organization={IEEE}
}
@inproceedings{marcolla2020novel,
  title={Novel Lie Speech Classification by using Voice Stress.},
  author={Marcolla, Felipe Mateus and de Santiago, Rafael and Dazzi, Rudimar LS},
  booktitle={ICAART (2)},
  pages={742--749},
  year={2020}
}
@inproceedings{hsiao2022attention,
  title={Attention-Aware Multi-modal RNN for Deception Detection},
  author={Hsiao, Shun-Wen and Sun, Cheng-Yuan},
  booktitle={2022 IEEE International Conference on Big Data (Big Data)},
  pages={3593--3596},
  year={2022},
  organization={IEEE}
}
@article{gallardo2021detecting,
  title={Detecting deception from gaze and speech using a multimodal attention LSTM-based framework},
  author={Gallardo-Antol{\'\i}n, Ascensi{\'o}n and Montero, Juan M},
  journal={Applied Sciences},
  volume={11},
  number={14},
  pages={6393},
  year={2021},
  publisher={MDPI}
}
@article{csen2020multimodal,
  title={Multimodal deception detection using real-life trial data},
  author={{\c{S}}en, M Umut and Perez-Rosas, Veronica and Yanikoglu, Berrin and Abouelenien, Mohamed and Burzo, Mihai and Mihalcea, Rada},
  journal={IEEE Transactions on Affective Computing},
  volume={13},
  number={1},
  pages={306--319},
  year={2020},
  publisher={IEEE}
}

  
@inproceedings{tao2019speech,
  title={Speech deception detection algorithm based on SVM and acoustic features},
  author={Tao, Huawei and Lei, Peizhi and Wang, Mengzhe and Wang, Jie and Fu, Hongliang},
  booktitle={2019 IEEE 7th International Conference on Computer Science and Network Technology (ICCSNT)},
  pages={31--33},
  year={2019},
  organization={IEEE}
}

@inproceedings{venkatesh2019robust,
  title={Robust algorithm for multimodal deception detection},
  author={Venkatesh, Sushma and Ramachandra, Raghavendra and Bours, Patrick},
  booktitle={2019 IEEE Conference on Multimedia Information Processing and Retrieval (MIPR)},
  pages={534--537},
  year={2019},
  organization={IEEE}
}

@inproceedings{hu2019detecting,
  title={Detecting concealed information in text and speech},
  author={Hu, Shengli},
  booktitle={Proceedings of the 57th Annual Meeting of the Association for Computational Linguistics},
  pages={402--412},
  year={2019}
}

@article{chebbi2021deception,
  title={Deception detection using multimodal fusion approaches},
  author={Chebbi, Safa and Jebara, Sofia Ben},
  journal={Multimedia Tools and Applications},
  pages={1--30},
  year={2021},
  publisher={Springer}
}


@article{zhang2022fine,
  title={Fine-Grained Question-Level Deception Detection via Graph-Based Learning and Cross-Modal Fusion},
  author={Zhang, Huijun and Ding, Yang and Cao, Lei and Wang, Xin and Feng, Ling},
  journal={IEEE Transactions on Information Forensics and Security},
  volume={17},
  pages={2452--2467},
  year={2022},
  publisher={IEEE}
}

@article{li2023flexible,
  title={Flexible-modal Deception Detection with Audio-Visual Adapter},
  author={Li, Zhaoxu and Yu, Zitong and Selvaraj, Nithish Muthuchamy and Guo, Xiaobao and Shen, Bingquan and Kong, Adams Wai-Kin and Kot, Alex},
  journal={arXiv preprint arXiv:2302.05727},
  year={2023}
}
@inproceedings{abri2020linguistic,
  title={Linguistic features for detecting fake reviews},
  author={Abri, Faranak and Guti{\'e}rrez, Luis Felipe and Namin, Akbar Siami and Jones, Keith S and Sears, David RW},
  booktitle={2020 19th IEEE International Conference on Machine Learning and Applications (ICMLA)},
  pages={352--359},
  year={2020},
  organization={IEEE}
}
@article{fu2023semi,
  title={A Semi-Supervised Speech Deception Detection Algorithm Combining Acoustic Statistical Features and Time-Frequency Two-Dimensional Features},
  author={Fu, Hongliang and Yu, Hang and Wang, Xuemei and Lu, Xiangying and Zhu, Chunhua},
  journal={Brain Sciences},
  volume={13},
  number={5},
  pages={725},
  year={2023},
  publisher={MDPI}
}

@article{arshad2021proximally,
  title={Proximally sensed digital data library to predict topsoil clay across multiple sugarcane fields of Australia: Applicability of local and universal support vector machine},
  author={Arshad, Maryem and Zhao, Dongxue and Zare, Ehsan and Sefton, Michael and Triantafilis, John},
  journal={Catena},
  volume={196},
  pages={104934},
  year={2021},
  publisher={Elsevier}
}
@article{pennebaker2001linguistic,
  title={Linguistic inquiry and word count: LIWC 2001},
  author={Pennebaker, James W and Francis, Martha E and Booth, Roger J},
  journal={Mahway: Lawrence Erlbaum Associates},
  volume={71},
  number={2001},
  pages={2001},
  year={2001}
}
@article{ullman2014mining,
  title={Mining of massive datasets},
  author={Ullman, Jeffrey D and Leskovec, Jure and others},
  year={2014}
}
@article{lloyd2019miami,
  title={Miami University deception detection database},
  author={Lloyd, E Paige and Deska, Jason C and Hugenberg, Kurt and McConnell, Allen R and Humphrey, Brandon T and Kunstman, Jonathan W},
  journal={Behavior research methods},
  volume={51},
  pages={429--439},
  year={2019},
  publisher={Springer}
}
@inproceedings{gupta2019bag,
  title={Bag-of-lies: A multimodal dataset for deception detection},
  author={Gupta, Viresh and Agarwal, Mohit and Arora, Manik and Chakraborty, Tanmoy and Singh, Richa and Vatsa, Mayank},
  booktitle={Proceedings of the IEEE/CVF Conference on Computer Vision and Pattern Recognition Workshops},
  pages={0--0},
  year={2019}
}
@article{zhang2017multi,
  title={Multi-aspect-aware bidirectional LSTM networks for synthetic aperture radar target recognition},
  author={Zhang, Fan and Hu, Chen and Yin, Qiang and Li, Wei and Li, Heng-Chao and Hong, Wen},
  journal={Ieee Access},
  volume={5},
  pages={26880--26891},
  year={2017},
  publisher={IEEE}
}
@article{sitaula2017analysis,
  title={An analysis of early stopping and dropout regularization in deep learning},
  author={Sitaula, Chiranjibi and Ghimire, Nabin},
  journal={International Journal of Conceptions on Computing and Information Technology},
  volume={5},
  number={1},
  pages={17--20},
  year={2017},
  publisher={World Academic Industry Research Collaboration Organization (WAIRCO)}
}
@misc{solaiman2019release,
      title={Release Strategies and the Social Impacts of Language Models}, 
      author={Irene Solaiman and Miles Brundage and Jack Clark and Amanda Askell and Ariel Herbert-Voss and Jeff Wu and Alec Radford and Gretchen Krueger and Jong Wook Kim and Sarah Kreps and Miles McCain and Alex Newhouse and Jason Blazakis and Kris McGuffie and Jasmine Wang},
      year={2019},
      eprint={1908.09203},
      archivePrefix={arXiv},
      primaryClass={cs.CL}
}
@misc{liu2019roberta,
      title={RoBERTa: A robustly optimized BERT pretraining approach}, 
      author={Liu, Yinhan and Ott, Myle and Goyal, Naman and Du, Jingfei and Joshi, Mandar and Chen, Danqi and Levy, Omer and Lewis, Mike and Zettlemoyer, Luke and Stoyanov, Veselin},
      year={2019},
      eprint={1907.11692},
      archivePrefix={arXiv},
      primaryClass={cs.CL}
}
@article{devlin2018bert,
  title={BERT: Pre-training of deep bidirectional transformers for language understanding},
  author={Devlin, Jacob and Chang, Ming-Wei and Lee, Kenton and Toutanova, Kristina},
  journal={arXiv preprint arXiv:1810.04805},
  year={2018}
}
@article{van2020review,
  title={A review on the long short-term memory model},
  author={Van Houdt, Greg and Mosquera, Carlos and N{\'a}poles, Gonzalo},
  journal={Artificial Intelligence Review},
  volume={53},
  number={8},
  pages={5929--5955},
  year={2020},
  publisher={Springer}
}

 @misc{bidirectionallstminnlp,  title={Bidirectional LSTM in NLP},  url={https://www.geeksforgeeks.org/bidirectional-lstm-in-nlp/} }

@inproceedings{he2016deep,
  title={Deep residual learning for image recognition},
  author={He, Kaiming and Zhang, Xiangyu and Ren, Shaoqing and Sun, Jian},
  booktitle={Proceedings of the IEEE conference on computer vision and pattern recognition},
  pages={770--778},
  year={2016}
}
@article{o2015introduction,
  title={An introduction to convolutional neural networks},
  author={O'shea, Keiron and Nash, Ryan},
  journal={arXiv preprint arXiv:1511.08458},
  year={2015}
}
@ARTICLE{svm,
  author={Hearst, M.A. and Dumais, S.T. and Osuna, E. and Platt, J. and Scholkopf, B.},
  journal={IEEE Intelligent Systems and their Applications}, 
  title={Support vector machines}, 
  year={1998},
  volume={13},
  number={4},
  pages={18-28},
  doi={10.1109/5254.708428}}
@article{mucherino2009k,
  title={K-nearest neighbor classification},
  author={Mucherino, Antonio and Papajorgji, Petraq J and Pardalos, Panos M and Mucherino, Antonio and Papajorgji, Petraq J and Pardalos, Panos M},
  journal={Data mining in agriculture},
  pages={83--106},
  year={2009},
  publisher={Springer}
}
@article{tammina2019transfer,
  title={Transfer learning using vgg-16 with deep convolutional neural network for classifying images},
  author={Tammina, Srikanth},
  journal={International Journal of Scientific and Research Publications (IJSRP)},
  volume={9},
  number={10},
  pages={143--150},
  year={2019}
}
@article{theckedath2020detecting,
  title={Detecting affect states using VGG16, ResNet50 and SE-ResNet50 networks},
  author={Theckedath, Dhananjay and Sedamkar, RR},
  journal={SN Computer Science},
  volume={1},
  number={2},
  pages={79},
  year={2020},
  publisher={Springer}
}
@article{namin2020linguistic,
  title={Linguistic features for detecting fake reviews},
  author={Namin, Akbar Siami and Abri, Faranak and Gutierrez, Luis F and Jones, Keith and Sears, David},
  year={2020}
}
@article{yang2019xlnet,
  title={XLNet: Generalized autoregressive pretraining for language understanding},
  author={Yang, Zhilin and Dai, Zihang and Yang, Yiming and Carbonell, Jaime and Salakhutdinov, Russ and Le, Quoc V},
  journal={Advances in neural information processing systems},
  volume={32},
  year={2019}
}
@article{lan2019albert,
  title={ALBERT: A lite BERT for self-supervised learning of language representations},
  author={Lan, Zhenzhong and Chen, Mingda and Goodman, Sebastian and Gimpel, Kevin and Sharma, Piyush and Soricut, Radu},
  journal={arXiv preprint arXiv:1909.11942},
  year={2019}
}
@article{clark2020electra,
  title={ELECTRA: Pre-training text encoders as discriminators rather than generators},
  author={Clark, Kevin and Luong, Minh-Thang and Le, Quoc V and Manning, Christopher D},
  journal={arXiv preprint arXiv:2003.10555},
  year={2020}
}
@article{he2020deberta,
  title={DeBERTa: Decoding-enhanced BERT with disentangled attention},
  author={He, Pengcheng and Liu, Xiaodong and Gao, Jianfeng and Chen, Weizhu},
  journal={arXiv preprint arXiv:2006.03654},
  year={2020}
}
@article{schneider2019wav2vec,
  title={wav2vec: Unsupervised pre-training for speech recognition},
  author={Schneider, Steffen and Baevski, Alexei and Collobert, Ronan and Auli, Michael},
  journal={arXiv preprint arXiv:1904.05862},
  year={2019}
}
@article{busso2008iemocap,
  title={IEMOCAP: Interactive emotional dyadic motion capture database},
  author={Busso, Carlos and Bulut, Murtaza and Lee, Chi-Chun and Kazemzadeh, Abe and Mower, Emily and Kim, Samuel and Chang, Jeannette N and Lee, Sungbok and Narayanan, Shrikanth S},
  journal={Language resources and evaluation},
  volume={42},
  number={4},
  pages={335--359},
  year={2008},
  publisher={Springer}
}
@article{mohammad2013crowdsourcing,
  title={Crowdsourcing a word-emotion association lexicon},
  author={Mohammad, Saif M and Turney, Peter D},
  journal={Computational Intelligence},
  volume={29},
  number={3},
  pages={436--465},
  year={2013},
  publisher={Wiley Online Library}
}
@inproceedings{wang2012harnessing,
  title={Harnessing wikipedia for automatic emotion detection},
  author={Wang, Wenbo and Chen, Lu and Thirunarayan, Krishnaprasad and Sheth, Amit P},
  booktitle={2012 IEEE 12th International Conference on Data Mining Workshops},
  pages={799--806},
  year={2012},
  organization={IEEE}
}
@article{abdul2017emonet,
  title={EmoNet: Fine-grained emotion detection with gated recurrent neural networks},
  author={Abdul-Mageed, Muhammad and Ungar, Lyle},
  journal={Proceedings of the 55th annual meeting of the association for computational linguistics},
  volume={1},
  pages={718--728},
  year={2017}
}
@inproceedings{schuller2009acoustic,
  title={Acoustic emotion recognition: A benchmark comparison of performances},
  author={Schuller, Bj{\"o}rn and Steidl, Stefan and Batliner, Anton},
  booktitle={2009 IEEE Workshop on Automatic Speech Recognition \& Understanding},
  pages={552--557},
  year={2009},
  organization={IEEE}
}
@article{li2013speech,
  title={Speech emotion recognition using hidden Markov models},
  author={Li, Linzhu and Zhao, Yuhui and Jiang, Dongmei and Zhang, Yanning},
  journal={Mobile Multimedia Processing: Fundamentals, Methods, and Applications},
  pages={244--254},
  year={2013},
  publisher={Springer}
}
@inproceedings{mao2014learning,
  title={Learning salient features for speech emotion recognition using convolutional neural networks},
  author={Mao, Qirong and Dong, Ming and Huang, Zhengwei and Zhan, Yongzhao},
  booktitle={IEEE transactions on multimedia},
  volume={16},
  number={8},
  pages={2203--2213},
  year={2014},
  organization={IEEE}
}
@article{poria2017review,
  title={A review of affective computing: From unimodal analysis to multimodal fusion},
  author={Poria, Soujanya and Cambria, Erik and Bajpai, Rajiv and Hussain, Amir},
  journal={Information Fusion},
  volume={37},
  pages={98--125},
  year={2017},
  publisher={Elsevier}
}
@article{wagner2011introducting,
  title={Introducing CURRENNT: The Munich open-source CUDA recurrent neural network toolkit},
  author={Wagner, Johannes and Lingenfelser, Florian and Baur, Tobias and Damian, Ionut and Kistler, Felix and André, Elisabeth},
  journal={The Journal of Machine Learning Research},
  volume={12},
  pages={2633--2637},
  year={2011},
  publisher={JMLR. org}
}
@inproceedings{zadeh2018memory,
  title={Memory fusion network for multi-view sequential learning},
  author={Zadeh, Amir and Liang, Paul Pu and Mazumder, Navonil and Poria, Soujanya and Cambria, Erik and Morency, Louis-Philippe},
  booktitle={Proceedings of the AAAI Conference on Artificial Intelligence},
  volume={32},
  number={1},
  year={2018}
}
@inproceedings{kiela2019supervised,
  title={Supervised multimodal bitransformers for classifying images and text},
  author={Kiela, Douwe and Bhooshan, Suvrat and Firooz, Hamed and Davison, Davide},
  booktitle={arXiv preprint arXiv:1909.02950},
  year={2019}
}
@article{mckeown2012semaine,
  title={The SEMAINE database: Annotated multimodal records of emotionally colored conversations between a person and a limited agent},
  author={McKeown, Gary and Valstar, Michel and Cowie, Roddy and Pantic, Maja and Schroder, Marc},
  journal={IEEE transactions on affective computing},
  volume={3},
  number={1},
  pages={5--17},
  year={2012},
  publisher={IEEE}
}
@article{livingstone2018ryerson,
  title={The Ryerson Audio-Visual Database of Emotional Speech and Song (RAVDESS): A dynamic, multimodal set of facial and vocal expressions in North American English},
  author={Livingstone, Steven R and Russo, Frank A},
  journal={PloS one},
  volume={13},
  number={5},
  pages={e0196391},
  year={2018},
  publisher={Public Library of Science San Francisco, CA USA}
}
@inproceedings{zadeh2018multimodal,
  title={Multimodal language analysis in the wild: CMU-MOSEI dataset and interpretable dynamic fusion graph},
  author={Zadeh, Amir and Liang, Paul Pu and Poria, Soujanya and Cambria, Erik and Morency, Louis-Philippe},
  booktitle={Proceedings of the 56th Annual Meeting of the Association for Computational Linguistics},
  volume={1},
  pages={2236--2246},
  year={2018}
}